@book{sutton2018reinforcement,
  title={Reinforcement learning: An introduction},
  author={Sutton, Richard S and Barto, Andrew G},
  year={2018},
  publisher={MIT press}
}

@article{marinatto2000quantum,
  title={A quantum approach to static games of complete information},
  author={Marinatto, Luca and Weber, Tullio},
  journal={Physics Letters A},
  volume={272},
  number={5-6},
  pages={291--303},
  year={2000},
  publisher={Elsevier}
}

@article{howard1960dynamic,
  title={Dynamic programming and markov processes.},
  author={Howard, Ronald A},
  year={1960},
  publisher={John Wiley}
}

@book{robert2013monte,
  title={Monte Carlo statistical methods},
  author={Robert, Christian and Casella, George},
  year={2013},
  publisher={Springer Science \& Business Media}
}

@book{2007numanalysis,
  title={数值分析},
	author={林成森},
  year={2007},
  location = {北京},
  publisher={科学出版社}
}

@incollection{bottou2010large,
  title={Large-scale machine learning with stochastic gradient descent},
  author={Bottou, L{\'e}on},
  booktitle={Proceedings of COMPSTAT'2010},
  pages={177--186},
  year={2010},
  publisher={Springer}
}

@inproceedings{sutton2009fast,
  title={Fast gradient-descent methods for temporal-difference learning with linear function approximation},
  author={Sutton, Richard S, et al},
  booktitle={Proceedings of the 26th Annual International Conference on Machine Learning},
  pages={993--1000},
  year={2009},
  organization={ACM}
}

@inproceedings{tsitsiklis1997analysis,
  title={Analysis of temporal-diffference learning with function approximation},
  author={Tsitsiklis, John N and Van Roy, Benjamin},
  booktitle={Advances in neural information processing systems},
  pages={1075--1081},
  year={1997}
}

@book{goodfellow2016deep,
  title={Deep learning},
  author={Goodfellow, Ian and Bengio, Yoshua and Courville, Aaron},
  year={2016},
  publisher={MIT press}
}

@book{efron1994introduction,
    title={An introduction to the bootstrap},
    author={Efron, Bradley and Tibshirani, Robert J},
    year={1994},
    publisher={CRC press}
}

@book{ross1996stochastic,
    title={Stochastic processes},
    author={Ross, Sheldon M, et al},
    volume={2},
    year={1996},
    publisher={Wiley New York}
}

@article{mnih2013playing,
  title={Playing atari with deep reinforcement learning},
  author={Mnih, Volodymyr and Kavukcuoglu, Koray and Silver, David and Graves, Alex and Antonoglou, Ioannis and Wierstra, Daan and Riedmiller, Martin},
  journal={arXiv preprint arXiv:1312.5602},
  year={2013}
}

@article{silver2017mastering,
  title={Mastering the game of go without human knowledge},
  author={Silver, David and Schrittwieser, Julian and Simonyan, Karen and Antonoglou, Ioannis and Huang, Aja and Guez, Arthur and Hubert, Thomas and Baker, Lucas and Lai, Matthew and Bolton, Adrian and others},
  journal={Nature},
  volume={550},
  number={7676},
  pages={354},
  year={2017},
  publisher={Nature Publishing Group}
}

@inproceedings{macdermed2011markov,
  title={Markov games of incomplete information for multi-agent reinforcement learning},
  author={MacDermed, Liam and Isbell, Charles and Weiss, Lora},
  booktitle={Workshops at the Twenty-Fifth AAAI Conference on Artificial Intelligence},
  year={2011}
}

@article{sandholm2010state,
  title={The state of solving large incomplete-information games, and application to poker},
  author={Sandholm, Tuomas},
  journal={AI Magazine},
  volume={31},
  number={4},
  pages={13--32},
  year={2010}
}

@book{2014wzjstatistics,
  title={数理统计教程},
  author={王兆军 and 邹长亮},
  year={2014},
  location = {北京},
  publisher={高等教育出版社}
}

@incollection{hecht1992theory,
  title={Theory of the backpropagation neural network},
  author={Hecht-Nielsen, Robert},
  booktitle={Neural networks for perception},
  pages={65--93},
  year={1992},
  publisher={Elsevier}
}

@article{edmonds1971matroids,
  title={Matroids and the greedy algorithm},
  author={Edmonds, Jack},
  journal={Mathematical programming},
  volume={1},
  number={1},
  pages={127--136},
  year={1971},
  publisher={Springer}
}